@book {margolis,
AUTHOR = {Margolis, H. R.},
TITLE = {Spectra and the Steenrod algebra},
SERIES = {North-Holland Mathematical Library},
VOLUME = {29},
NOTE = {Modules over the Steenrod Algebra and the Stable Homotopy Category},
PUBLISHER = {North-Holland Publishing Co., Amsterdam},
YEAR = {1983},
ISBN = {0-444-86516-0}
}

@online {hatcher,
AUTHOR = {Hatcher, A.},
TITLE = {Algebraic Topology, Chapter: Spectral Sequences},
NOTE = {preliminary and incomplete version of an extra fifth chapter for Algebraic Topology textbook},
YEAR = {2004}
}
