@book {adams,
    AUTHOR = {Adams, J. F.},
     TITLE = {Stable homotopy and generalised homology},
      YEAR = {1974},
}

@book {MR1886843,
    AUTHOR = {Switzer, Robert M.},
     TITLE = {Algebraic topology---homotopy and homology},
      YEAR = {2002},
}
