@book {stong,
    AUTHOR = {Stong, Robert E.},
     TITLE = {Notes on cobordism theory},
    SERIES = {Mathematical notes},
 PUBLISHER = {Princeton University Press, Princeton, N.J.; University of
              Tokyo Press, Tokyo},
      YEAR = {1968},
	  }

@article {milnor,
    AUTHOR = {Milnor, John W. and Moore, John C.},
     TITLE = {On the structure of {H}opf algebras},
   JOURNAL = {Ann. of Math. (2)},
  FJOURNAL = {Annals of Mathematics. Second Series},
    VOLUME = {81},
      YEAR = {1965},
     PAGES = {211--264},
      ISSN = {0003-486X},
	   DOI = {10.2307/1970615},
}

@book {mosher,
    AUTHOR = {Mosher, Robert E. and Tangora, Martin C.},
     TITLE = {Cohomology operations and applications in homotopy theory},
 PUBLISHER = {Harper \& Row, Publishers, New York-London},
      YEAR = {1968},
     PAGES = {x+214},
}