@book {hatcher,
    AUTHOR = {Hatcher, Allen},
     TITLE = {Algebraic topology},
 PUBLISHER = {Cambridge University Press, Cambridge},
      YEAR = {2002},
     PAGES = {xii+544},
      ISBN = {0-521-79160-X; 0-521-79540-0},
}

@book {ravenel,
    AUTHOR = {Ravenel, Douglas C.},
     TITLE = {Complex cobordism and stable homotopy groups of spheres},
    SERIES = {Pure and Applied Mathematics},
    VOLUME = {121},
 PUBLISHER = {Academic Press, Inc., Orlando, FL},
      YEAR = {1986},
     PAGES = {xx+413},
      ISBN = {0-12-583430-6; 0-12-583431-4},
}

@book {mosher,
    AUTHOR = {Mosher, Robert E. and Tangora, Martin C.},
     TITLE = {Cohomology operations and applications in homotopy theory},
 PUBLISHER = {Harper \& Row, Publishers, New York-London},
      YEAR = {1968},
     PAGES = {x+214},
}